<?xml version="1.0" encoding="UTF-8"?><collection xmlns="http://www.loc.gov/MARC21/slim"><record><leader>00494nam--2200145-i-4500</leader><controlfield tag="001">000035752</controlfield><controlfield tag="002">20161230</controlfield><controlfield tag="005">20161230201040</controlfield><controlfield tag="008">060222s1000------------r-----000-0-eng-d</controlfield><datafield ind1=" " ind2=" " tag="080"><subfield code="a">53.07:535(063)</subfield></datafield><datafield ind1=" " ind2=" " tag="245"><subfield code="a">Optical system design, analysis and production</subfield></datafield><datafield ind1=" " ind2=" " tag="260"><subfield code="a">Washington, The International Society For Optical Engineering, 1983, Viii + 462p</subfield></datafield><datafield ind1=" " ind2=" " tag="490"><subfield code="a">Proc.Of Spie-the International Society For Optical Engineering</subfield></datafield><datafield ind1=" " ind2=" " tag="700"><subfield code="a">Rogers, Philip J., Fischer, Robert E</subfield></datafield><datafield ind1=" " ind2=" " tag="852"><subfield code="a">72483</subfield></datafield></record></collection>